<?xml version="1.0" encoding="UTF-8"?><collection xmlns="http://www.loc.gov/MARC21/slim"><record><leader>00529nam--2200181-i-4500</leader><controlfield tag="001">000031614</controlfield><controlfield tag="002">20161230</controlfield><controlfield tag="005">20161230201038</controlfield><controlfield tag="008">060222s1000------------r-----000-0-eng-d</controlfield><datafield ind1=" " ind2=" " tag="040"><subfield code="a">IFIN-HH</subfield></datafield><datafield ind1=" " ind2=" " tag="080"><subfield code="a">548.7:539.125.172:537.622</subfield></datafield><datafield ind1="1" ind2=" " tag="100"><subfield code="a">Oles, A</subfield></datafield><datafield ind1="1" ind2="0" tag="245"><subfield code="a">Magnetic structures</subfield><subfield code="b">Determined by neutron diffraction</subfield><subfield code="c">A. oles; f. kajzar; m. kucab; w. sikora</subfield></datafield><datafield ind1=" " ind2=" " tag="260"><subfield code="a">Warszawa</subfield><subfield code="b">Panstwowe Wydawnictwo Naukowe</subfield><subfield code="c">1976</subfield></datafield><datafield ind1=" " ind2=" " tag="300"><subfield code="a">726P</subfield></datafield><datafield ind1="1" ind2=" " tag="700"><subfield code="a">Sikora, W</subfield></datafield><datafield ind1=" " ind2=" " tag="852"><subfield code="a">43671</subfield><subfield code="c">537:538</subfield></datafield><datafield ind1=" " ind2=" " tag="CAT"><subfield code="a">Sys</subfield><subfield code="c">20110621</subfield><subfield code="h">125810</subfield></datafield></record></collection>